<record><leader>00000cas a22000007a 4500</leader><controlfield tag="001">9320380</controlfield><controlfield tag="008">830318d18531857nyuwr ne      0    0eng d</controlfield><datafield ind1=" " ind2=" " tag="010"><subfield code="a">sn 83030025 </subfield></datafield><datafield ind1=" " ind2=" " tag="040"><subfield code="a">NPU</subfield><subfield code="b">eng</subfield><subfield code="c">NPU</subfield><subfield code="d">NPX</subfield><subfield code="d">OCLCG</subfield><subfield code="d">OCLCQ</subfield><subfield code="d">CDN</subfield><subfield code="d">OCLCO</subfield><subfield code="d">OCLCF</subfield></datafield><datafield ind1="1" ind2=" " tag="029"><subfield code="a">AU@</subfield><subfield code="b">000025820175</subfield></datafield><datafield ind1=" " ind2=" " tag="042"><subfield code="a">msc</subfield></datafield><datafield ind1=" " ind2=" " tag="043"><subfield code="a">n-us-ny</subfield></datafield><datafield ind1="0" ind2=" " tag="130"><subfield code="a">American Celt (New York, N.Y. : 1853)</subfield></datafield><datafield ind1="1" ind2="4" tag="245"><subfield code="a">The American Celt.</subfield></datafield><datafield ind1=" " ind2=" " tag="260"><subfield code="a">New York :</subfield><subfield code="b">Dexter &amp; Co.</subfield></datafield><datafield ind1=" " ind2=" " tag="300"><subfield code="a">v. ;</subfield><subfield code="c">52 cm.</subfield></datafield><datafield ind1=" " ind2=" " tag="310"><subfield code="a">Weekly</subfield></datafield><datafield ind1="1" ind2=" " tag="362"><subfield code="a">Began in June 1853; ceased in May 1857.</subfield><subfield code="z">Cf. Willging &amp; Hatzfeld. Catholic serials of the 19th cent. (pt. 10).</subfield></datafield><datafield ind1=" " ind2=" " tag="500"><subfield code="a">Editor: T.D. McGee, 1853-1857.</subfield></datafield><datafield ind1=" " ind2=" " tag="500"><subfield code="a">Publishers: McGee &amp; Mitchell, &lt;1853-1854&gt;; T.D. McGee, &lt;1857&gt;; D. &amp; J. Sadlier &amp; Co., &lt;1857&gt;.</subfield></datafield><datafield ind1=" " ind2=" " tag="588"><subfield code="a">Description based on: June 18, 1853.</subfield></datafield><datafield ind1=" " ind2="0" tag="650"><subfield code="a">Irish Americans</subfield><subfield code="v">Newspapers.</subfield></datafield><datafield ind1=" " ind2="0" tag="651"><subfield code="a">Ireland</subfield><subfield code="x">History</subfield><subfield code="x">Autonomy and independence movements</subfield><subfield code="v">Newspapers.</subfield></datafield><datafield ind1=" " ind2="7" tag="655"><subfield code="a">History.</subfield><subfield code="2">fast</subfield><subfield code="0">(OCoLC)fst01411628</subfield></datafield><datafield ind1=" " ind2="7" tag="655"><subfield code="a">Newspapers.</subfield><subfield code="2">fast</subfield><subfield code="0">(OCoLC)fst01423814</subfield></datafield><datafield ind1=" " ind2="7" tag="650"><subfield code="a">Autonomy and independence movements.</subfield><subfield code="2">fast</subfield><subfield code="0">(OCoLC)fst01736040</subfield></datafield><datafield ind1=" " ind2="7" tag="650"><subfield code="a">Irish Americans.</subfield><subfield code="2">fast</subfield><subfield code="0">(OCoLC)fst00978933</subfield></datafield><datafield ind1=" " ind2="7" tag="651"><subfield code="a">Ireland.</subfield><subfield code="2">fast</subfield><subfield code="0">(OCoLC)fst01205427</subfield></datafield><datafield ind1="1" ind2=" " tag="700"><subfield code="a">McGee, Thomas D'Arcy,</subfield><subfield code="d">1825-1868.</subfield></datafield><datafield ind1=" " ind2=" " tag="752"><subfield code="a">United States</subfield><subfield code="b">New York</subfield><subfield code="c">New York</subfield><subfield code="d">New York.</subfield></datafield><datafield ind1="0" ind2="0" tag="780"><subfield code="t">American Celt, and Catholic citizen</subfield><subfield code="w">(DLC)sn 83021054</subfield></datafield><datafield ind1=" " ind2=" " tag="936"><subfield code="a">1854 Nov. 4</subfield></datafield></record>